@misc{Neo4JSite,
  author = {Neo Technology, Inc},
  title = {Neo4J Official Website},
  year = {2017},
  howpublished={\url{https://neo4j.com/}}
}

@misc{OrientDBSite,
  author = {OrientDB LTD},
  title = {OrientDB Official Website},
  year = {2017},
  howpublished={\url{https://orientdb.com/}}
}

@misc{StanfordCollection,
  author = {Jure Leskovec},
  title = {Stanford Large Network Dataset Collection},
  year = {2017},
  howpublished={\url{https://snap.stanford.edu/data/}}
}

@misc{NetworkXPythonPackage,
  author = {NetworkX developers},
  title = {Software for complex networks},
  year = {2014-2017},
  howpublished={\url{https://networkx.github.io/}}
}

@misc{NetworkXNeo4j,
  author = {Rohit Aggarwal},
  title = {NetworkX to Neo4j’s documentation},
  year = {2013},
  howpublished={\url{https://neonx.readthedocs.io/en/latest/}}
}

@misc{infoqSite,
  author = {Écrit par Peter Neubauer , traduit par Simon Baslé},
  title = {Les Bases Orientées Graphes, NoSQL et Neo4j},
  year = {20 mai 2010},
  howpublished={\url{https://www.infoq.com/fr/articles/graph-nosql-neo4j}}
}

@misc{NoSQLVsSGBDR,
  author = {Yann Aubry, Directeur France et Europe du Sud de MongoDB},
  title = {Pourquoi NoSQL s’impose face aux SGBDR traditionnelles (avis d’expert)},
  year = {19 mars 2014},
  howpublished={\url{http://www.silicon.fr/base-donnees-nosql-impose-sgbdr-93305.html}}
}

@misc{NoSqlDef,
  author = {Mohamed Tarroumi},
  title = {NoSQL (NOT ONLY SQL)},
  year = {10 Décembre 2014},
  howpublished={\url{https://prezi.com/4flswlgipwbo/nosql-not-only-sql/}}
}

@article{bruchez2016bases,
  title={Les bases de donn{\'e}es NoSQL et le Big Data},
  author={Bruchez, Rudi},
  journal={Eyrolles,},
  year={2016}
}

@misc{DBEnginesSite,
  author = {solid IT gmbh},
  title = {Knowledge Base of Relational and NoSQL Database Management Systems},
  year = {2017},
  howpublished={\url{https://db-engines.com}}
}

@misc{OrientDBGettingStarted,
  author = {OrientDB Team},
  title = {OrientDB - Getting Started},
  year = {2017},
  howpublished={\url{https://www.udemy.com/orientdb-getting-started}}
}

@book{fielding2000architectural,
  title={Architectural styles and the design of network-based software architectures},
  author={Fielding, Roy T and Taylor, Richard N},
  year={2000},
  publisher={University of California, Irvine Doctoral dissertation},
  chapter={5}
}

@misc{arangoSite,
  author = {ArangoDB GmbH},
  title = {ArrangDB Official Website},
  year = {2017},
  howpublished={\url{https://www.arangodb.com/}}
}

@misc{janusGraphSite,
  author = {JanusGraph Authors},
  title = {JanusGraph Official Website},
  year = {2017},
  howpublished={\url{http://janusgraph.org/}}
}

@misc{tinkerPopSite,
  author = {The Apache Software Foundation},
  title = {Apache TinkerPop Official Website},
  year = {2017},
  howpublished={\url{http://tinkerpop.apache.org/}}
}


